<?xml version="1.0" encoding="UTF-8"?>
<collection xmlns:xsi="http://www.w3.org/2001/XMLSchema-instance" xsi:schemaLocation="http://www.loc.gov/MARC21/slim http://www.loc.gov/standards/marcxml/schema/MARC21slim.xsd" xmlns="http://www.loc.gov/MARC21/slim">
<record>
  <leader>00937nam a2200253M  4500</leader>
  <controlfield tag="001">2022058</controlfield>
  <controlfield tag="003">NNC</controlfield>
  <controlfield tag="005">20030429121635.0</controlfield>
  <controlfield tag="008">860929m19661969iq            000 0 arao </controlfield>
  <datafield tag="010" ind1=" " ind2=" ">
    <subfield code="a">ne 67001785 </subfield>
  </datafield>
  <datafield tag="035" ind1=" " ind2=" ">
    <subfield code="a">(OCoLC)ocm21855077</subfield>
  </datafield>
  <datafield tag="035" ind1=" " ind2=" ">
    <subfield code="9">AMQ0709CU</subfield>
  </datafield>
  <datafield tag="040" ind1=" " ind2=" ">
    <subfield code="a">DLC</subfield>
    <subfield code="c">CUY</subfield>
    <subfield code="d">ZCU</subfield>
  </datafield>
  <datafield tag="043" ind1=" " ind2=" ">
    <subfield code="a">a-iq---</subfield>
  </datafield>
  <datafield tag="090" ind1=" " ind2=" ">
    <subfield code="a">PN6519.A7</subfield>
    <subfield code="b">T55</subfield>
  </datafield>
  <datafield tag="100" ind1="1" ind2=" ">
    <subfield code="a">Tikrītī, ʻAbd al-Raḥmān.</subfield>
  </datafield>
  <datafield tag="245" ind1="1" ind2="0">
    <subfield code="a">Amthāl al-Baghdādīyah al-muqāranah,</subfield>
    <subfield code="b">muqāranah maʻa amthāl aḥad ʻashar qaṭran ʻArabīyan.</subfield>
    <subfield code="c">Taʹlīf ʻAbd al-Raḥmān al-Tikrītī.</subfield>
  </datafield>
  <datafield tag="260" ind1=" " ind2=" ">
    <subfield code="a">[Baghdād,</subfield>
    <subfield code="c">1966-1969]</subfield>
  </datafield>
  <datafield tag="300" ind1=" " ind2=" ">
    <subfield code="a">4 v.</subfield>
    <subfield code="c">24 cm.</subfield>
  </datafield>
  <datafield tag="500" ind1=" " ind2=" ">
    <subfield code="a">Added t.p.: Comparative proverbs of Baghdad compared with the proverbs of eleven Arab countries, by Abdul-Rahman al-Tikriti.</subfield>
  </datafield>
  <datafield tag="500" ind1=" " ind2=" ">
    <subfield code="a">Foreword by Meer S. Basri in English, French and German.</subfield>
  </datafield>
  <datafield tag="650" ind1=" " ind2="0">
    <subfield code="a">Proverbs, Arabic</subfield>
    <subfield code="z">Iraq</subfield>
    <subfield code="z">Baghdad.</subfield>
  </datafield>
  <datafield tag="650" ind1=" " ind2="0">
    <subfield code="a">Proverbs, Arabic.</subfield>
  </datafield>
  <datafield tag="955" ind1=" " ind2=" ">
    <subfield code="b">0036762369</subfield>
    <subfield code="d">glx</subfield>
    <subfield code="e">PN6519.A7 T55</subfield>
    <subfield code="v">v.2</subfield>
  </datafield>
</record>
</collection>